

@ARTICLE{qiu2017deep, 
	author={J. Qiu and H. J. Yoon and P. A. Fearn and G. D. Tourassi}, 
	journal={IEEE Journal of Biomedical and Health Informatics}, 
	title={Deep Learning for Automated Extraction of Primary Sites from Cancer Pathology Reports}, 
	year={2017}, 
	volume={PP}, 
	number={99}, 
	pages={1-1}, 
	doi={10.1109/JBHI.2017.2700722}, 
	ISSN={2168-2194},
}

@article{cleveland1984graphical,
  title={Graphical perception: Theory, experimentation, and application to the development of graphical methods},
  author={Cleveland, William S and McGill, Robert},
  journal={Journal of the American statistical association},
  volume={79},
  number={387},
  pages={531--554},
  year={1984},
  publisher={Taylor \& Francis}
}

@article{ren2017squares,
  title={Squares: Supporting interactive performance analysis for multiclass classifiers},
  author={Ren, Donghao and Amershi, Saleema and Lee, Bongshin and Suh, Jina and Williams, Jason D},
  journal={IEEE transactions on visualization and computer graphics},
  volume={23},
  number={1},
  pages={61--70},
  year={2017},
  publisher={IEEE}
}

@inproceedings{zhou2016learning,
  title={Learning deep features for discriminative localization},
  author={Zhou, Bolei and Khosla, Aditya and Lapedriza, Agata and Oliva, Aude and Torralba, Antonio},
  booktitle={Proceedings of the IEEE Conference on Computer Vision and Pattern Recognition},
  pages={2921--2929},
  year={2016}
}

@article{maaten2008visualizing,
  title={Visualizing data using t-SNE},
  author={Maaten, Laurens van der and Hinton, Geoffrey},
  journal={Journal of Machine Learning Research},
  volume={9},
  number={Nov},
  pages={2579--2605},
  year={2008}
}

@article{paiva2015approach,
  title={An approach to supporting incremental visual data classification},
  author={Paiva, Jose Gustavo S and Schwartz, William Robson and Pedrini, Helio and Minghim, Rosane},
  journal={IEEE transactions on visualization and computer graphics},
  volume={21},
  number={1},
  pages={4--17},
  year={2015},
  publisher={IEEE}
}

@TECHREPORT{erhan2009visualizing,
       author = {Erhan, Dumitru and Bengio, Yoshua and Courville, Aaron and Vincent, Pascal},
        month = jun,
        title = {Visualizing Higher-Layer Features of a Deep Network},
       number = {1341},
         year = {2009},
  institution = {University of Montreal}
}

@inproceedings{krizhevsky2012imagenet,
  title={Imagenet classification with deep convolutional neural networks},
  author={Krizhevsky, Alex and Sutskever, Ilya and Hinton, Geoffrey E},
  booktitle={Advances in neural information processing systems},
  pages={1097--1105},
  year={2012}
}

@inproceedings{tzeng2005opening,
  title={Opening the black box-data driven visualization of neural networks},
  author={Tzeng, F-Y and Ma, K-L},
  booktitle={Visualization, 2005. VIS 05. IEEE},
  pages={383--390},
  year={2005},
  organization={IEEE}
}

@inproceedings{harley2015interactive,
  title={An interactive node-link visualization of convolutional neural networks},
  author={Harley, Adam W},
  booktitle={International Symposium on Visual Computing},
  pages={867--877},
  year={2015},
  organization={Springer}
}

@article{kahng2018activis,
  title={ActiVis: Visual Exploration of Industry-Scale Deep Neural Network Models},
  author={Kahng, Minsuk and Andrews, Pierre and Kalro, Aditya and Chau, Duen Horng},
  journal={IEEE transactions on visualization and computer graphics},
  volume={24},
  number={1},
  year={2018},
  publisher={IEEE}
}

@inproceedings{nguyen2016multifaceted,
  title={Multifaceted feature visualization: Uncovering the different types of features learned by each neuron in deep neural networks},
  author={Nguyen, Anh and Yosinski, Jason and Clune, Jeff},
  booktitle={ICML Workshop on Visualization for Deep Learning},
  year={2016}
}

@inproceedings{rong2016visual,
	title={Visual Tools for Debugging Neural Language Models},
	author={Rong, Xin and Edu, Ronxin@umich and Adar, Eytan},
	year={2016},
	booktitle={ICML Workshop on Visualization for Deep Learning},
}

@inproceedings{yeager2016effective,
	title={Effective Visualizations for Training and Evaluating Deep Models},
	author={Yeager, Luke and Heinrich, Greg and Mancewicz, Joe and Houston, Michael},
	year={2016},
	booktitle={ICML Workshop on Visualization for Deep Learning},
}

@inproceedings{yosinski2015understanding,
  title={Understanding neural networks through deep visualization},
  author={Yosinski, Jason and Clune, Jeff and Nguyen, Anh and Fuchs, Thomas and Lipson, Hod},
  booktitle={ICML Deep Learning Workshop},
  year={2015}
}

@inproceedings{zeiler2014visualizing,
  title={Visualizing and understanding convolutional networks},
  author={Zeiler, Matthew D and Fergus, Rob},
  booktitle={European conference on computer vision},
  pages={818--833},
  year={2014},
  organization={Springer}
}

@article{liu2017towards,
  title={Towards better analysis of deep convolutional neural networks},
  author={Liu, Mengchen and Shi, Jiaxin and Li, Zhen and Li, Chongxuan and Zhu, Jun and Liu, Shixia},
  journal={IEEE transactions on visualization and computer graphics},
  volume={23},
  number={1},
  pages={91--100},
  year={2017},
  publisher={IEEE}
}

@article{strobelt2016visual,
  title={Visual analysis of hidden state dynamics in recurrent neural networks},
  author={Strobelt, Hendrik and Gehrmann, Sebastian and Huber, Bernd and Pfister, Hanspeter and Rush, Alexander M},
  journal={IEEE transactions on visualization and computer graphics},
  volume={24},
  number={1},
  year={2018},
  publisher={IEEE}
}

@inproceedings{chung2016revacnn,
  title={ReVACNN: Real-Time Visual Analytics for Convolutional Neural Network},
  author={Chung, Sunghyo and Suh, Sangho and Park, Cheonbok and Kang, Kyeongpil and Choo, Jaegul and Kwon, Bum Chul},
   booktitle={ICML Workshop on Visualization for Deep Learning},
  year={2016}
}

@inproceedings{smilkov2016direct,
  title={Direct-manipulation visualization of deep networks},
  author={Smilkov, Daniel and Carter, Shan and Sculley, D and Vi{\'e}gas, Fernanda B and Wattenberg, Martin},
  booktitle={ICML Workshop on Visualization for Deep Learning},
  year={2016}
}

@article{rauber2017visualizing,
  title={Visualizing the hidden activity of artificial neural networks},
  author={Rauber, Paulo E and Fadel, Samuel G and Falcao, Alexandre X and Telea, Alexandru C},
  journal={IEEE transactions on visualization and computer graphics},
  volume={23},
  number={1},
  pages={101--110},
  year={2017},
  publisher={IEEE}
}

@article{miotto2016deep,
  title={Deep patient: An unsupervised representation to predict the future of patients from the electronic health records},
  author={Miotto, Riccardo and Li, Li and Kidd, Brian A and Dudley, Joel T},
  journal={Scientific reports},
  volume={6},
  pages={26094},
  year={2016},
  publisher={Nature Publishing Group}
}

@inproceedings{yoon2016multi,
  title={Multi-task Deep Neural Networks for Automated Extraction of Primary Site and Laterality Information from Cancer Pathology Reports},
  author={Yoon, Hong-Jun and Ramanathan, Arvind and Tourassi, Georgia},
  booktitle={INNS Conference on Big Data},
  pages={195--204},
  year={2016},
  organization={Springer}
}

@article{collobert2011natural,
  title={Natural language processing (almost) from scratch},
  author={Collobert, Ronan and Weston, Jason and Bottou, L{\'e}on and Karlen, Michael and Kavukcuoglu, Koray and Kuksa, Pavel},
  journal={Journal of Machine Learning Research},
  volume={12},
  number={Aug},
  pages={2493--2537},
  year={2011}
}

@article{liu2017towards,
  title={Towards better analysis of deep convolutional neural networks},
  author={Liu, Mengchen and Shi, Jiaxin and Li, Zhen and Li, Chongxuan and Zhu, Jun and Liu, Shixia},
  journal={IEEE transactions on visualization and computer graphics},
  volume={23},
  number={1},
  pages={91--100},
  year={2017},
  publisher={IEEE}
}

@inproceedings{yang2016hierarchical,
  title={Hierarchical Attention Networks for Document Classification.},
  author={Yang, Zichao and Yang, Diyi and Dyer, Chris and He, Xiaodong and Smola, Alexander J and Hovy, Eduard H},
  booktitle={HLT-NAACL},
  pages={1480--1489},
  year={2016}
}

@inproceedings{krizhevsky2012imagenet,
  title={Imagenet classification with deep convolutional neural networks},
  author={Krizhevsky, Alex and Sutskever, Ilya and Hinton, Geoffrey E},
  booktitle={Advances in neural information processing systems},
  pages={1097--1105},
  year={2012}
}

@inproceedings{karpathy2014large,
  title={Large-scale video classification with convolutional neural networks},
  author={Karpathy, Andrej and Toderici, George and Shetty, Sanketh and Leung, Thomas and Sukthankar, Rahul and Fei-Fei, Li},
  booktitle={Proceedings of the IEEE conference on Computer Vision and Pattern Recognition},
  pages={1725--1732},
  year={2014}
}

@inproceedings{kim2014convolutional,
  title={Convolutional neural networks for sentence classification},
  author={Kim, Yoon},
  booktitle={Proceedings of the 2014 Conference on Empirical Methods in Natural Language Processing (EMNLP)},
  pages={1746--1751},
  year={2014}
}